@article{Broeckx2018,
    title = {{A data-based landslide susceptibility map of Africa}},
    year = {2018},
    journal = {Earth-Science Reviews},
    author = {Broeckx, J and Vanmarcke, M and Duchateau, R and Poesen, J},
    pages = {102--121},
    volume = {185},
    doi = {10.1016/j.earscirev.2018.05.002}
}
